<?xml version="1.0" encoding="UTF-8"?><collection xmlns="http://www.loc.gov/MARC21/slim"><record><leader>00488nam--2200181-u-4500</leader><controlfield tag="001">000055827</controlfield><controlfield tag="002">20161230</controlfield><controlfield tag="005">20161230201052</controlfield><controlfield tag="008">130808s1000------------r-----000-0-eng-d</controlfield><datafield ind1=" " ind2=" " tag="040"><subfield code="a">IFIN-HH</subfield></datafield><datafield ind1=" " ind2=" " tag="080"><subfield code="a">519.283</subfield></datafield><datafield ind1="1" ind2=" " tag="100"><subfield code="a">Mangasarian, Olvi L</subfield></datafield><datafield ind1="1" ind2="0" tag="245"><subfield code="a">Non linear programming</subfield><subfield code="c">Olvi l. mangasarian</subfield></datafield><datafield ind1=" " ind2=" " tag="250"><subfield code="a">Third Edition</subfield></datafield><datafield ind1=" " ind2=" " tag="260"><subfield code="a">Bombay</subfield><subfield code="b">Tata Mcgraw-hill Publishing Company Ltd</subfield><subfield code="c">1969</subfield></datafield><datafield ind1=" " ind2=" " tag="300"><subfield code="a">XIII+220P</subfield></datafield><datafield ind1=" " ind2=" " tag="852"><subfield code="a">42951</subfield><subfield code="c">519.283</subfield></datafield><datafield ind1=" " ind2=" " tag="CAT"><subfield code="a">Sys</subfield><subfield code="c">20130808</subfield><subfield code="h">104606</subfield></datafield></record></collection>